%   Bibliography     Filip Rolenec, through his college years, last change May 2020


% 2018 - Publications used in Bachelor's thesis 

@BOOK(Put:05,
author={M.L. Puterman},
title={Markov Decsion Processes: Discrete Stochastic Dynamic Programming},
publisher={Wiley},
year={2005}
)

@article(Yak:82,
author={Sidney Yakowitz},
title={Dynamic programming applications in water resources},
journal={AN AGU JOURNAL},
volume={18},
year={1982},
note ={draft}
)

@article(Rab:89,
author={L. R. Rabiner},
title={A tutorial on hidden {M}arkov models and selected applications in speech recognition},
journal={Proceedings of the IEEE},
publisher={IEEE},
pages={257-286},
volume={77},
year={1989}
)

@article(GalGia:87,
author={Zvi Galil and Raffaele Giancarlo},
title={Speeding Up Dynamic Programming with Applications to Molecular Biology},
publisher={Elsevier},
year={1987},
note ={Elsevier}
)

@INPROCEEDINGS(Pet:81,
author={V. Peterka},
title={Bayesian Approach To System Identification},
booktitle={in Trends and Progress in System Identification, P. Eykhoff, Ed},
year={1981},
pages={239--304},
publisher={Peron Press}
)

@conference(ChaManNou:16,
author={Marwa Chaabane, Majdi Mansouri, Nouha Jaoua},
title={Bayesian method for states estimation in structural health monitoring application},
journal={2nd International Conference on ATSIP},
publisher={IEEE},
year={2016},
address ={Monastir, Tunisia}
)

@article(BorFigAze:17,
author={Fernando Luis Bordignon, Leandro Passos de Figueireido, Leonardo Azevedo},
title={Hybrid Global Stochastic and {B}ayesian Linearized Acoustic Seismic Inversion Methodology},
journal={IEEE Transactions on Geoscience and Remote Sensing},
pages={4457-4464},
volume={55},
year={2017},
month={August}
)

@phdthesis(Duf:02,
author={Michael O'Gordon Duff},
title={Optimal Learning; Computational Procedures for Bayes-Adaptive Markov Decision Processes},
publisher={University of Massachusetts Amherst},
year={2002}
)

@article(Rob:52,
author={H. Robbins},
title={Some aspects of the sequential design of experiments},
journal={Bulletin of the American Mathematical Society},
pages={527-535},
volume={58},
year={1952}
)

@misc(Rum:16,
author={Marko Ruman},
title={Decision making in Multi-proposer Ultimatum Game},
school={CVUT FJFI},
type={Bachelor's Thesis},
year={2016},
note={CTU FJFI}
)

@report(Rum:16,
author={Marko Ruman},
title={Decision making in Multi-proposer Ultimatum Game},
school={CTU FJFI}},
year={2016}
)

@incollection(BerFri:85,
author={D.A.Berry, B. Fristedt},
title={Bandit Problems Sequential Allocation of Eperiments},
year={1985},
publisher={J.W. Arrowsmith Ltd}
address={Bristol}
)

@article(CerLiuMer:13,
author={Matej Črepinšek, Shih-Hsi Liu, Marjan Mernik},
title={Exploration and exploitation in evolutionary algorithms: A survey},
journal={ACM Computing Surveys},
number={35},
publisher={ACM},
volume={45},
year={2013},
month={June}
)

@InProceedings(VerMeh:05,
author={Joann{\`e}s Vermorel, Mohri Mehryar},
title={Multi-armed Bandit Algorithms and Empirical Evaluation},
booktitle={Machine Learning: ECML 2005}
publisher={Springer Berlin Heidelberg},
pages={437-448},
volume={45},
year={2005},
address={Berlin, Heidelberg},
isbn={978-3-540-31692-3}
)

@BOOK(HerKucSim:03,
title={Counting and Configurations: Problems in Combinatorics, Arithmetic, and Geometry},
year={2003},	
month={January},
author={Jiri Herman, Radan Kucera, Jaromir Simsa},
publisher={Springer Science \& Business Media}
)

@BOOK(Lan:09,
title={Handbuch der Lehre von der Verteilung der Primzahlen},
year={1909},
author={Edmund Landau},
publisher={Liepzig B.G. Teubner},
volume={01}
)

% 2019 - Publications used in research task

@misc(Rol:18,
author={F. Rolenec},
title={Feasible Bayesian Multi-Armed Bandit Optimisation},
school={CVUT FJFI},
type={Bachelor's Thesis},
year={2018},
note={CVUT FJFI}
)

@BOOK(Vir:10,
title={Metoda Monte Carlo},
year={2010},	
author={Miroslav Virius},
publisher={České vysoké učení technické v Praze}
note={ISBN 978-80-01-04595-4}
)

@article(Kul:85,
title={Restricted exponential forgetting in real-time identification},
journal={Automatica},
volume={23},
number={5},
pages={589 - 600},
year={1987},
issn={0005-1098},
doi={https://doi.org/10.1016/0005-1098(87)90054-9},
url={http://www.sciencedirect.com/science/article/pii/0005109887900549},
author={Rudolf Kulhavý}
)

@article(KulZar:93,
author={R.   KULHAVÝ  and  M. B.   ZARROP },
title={On a general concept of forgetting},
journal={International Journal of Control},
volume={58},
number={4},
pages={905-924},
year={1993},
publisher={Taylor & Francis},
doi={10.1080/00207179308923034}
)

@article(KulKra:96,
title={On duality of regularized exponential and linear forgetting },
journal={Automatica },
volume={32 },
number={10 },
pages={1403 - 1415 },
year={1996 },
issn={0005-1098 },
doi={https://doi.org/10.1016/0005-1098(96)00092-1 },
url={http://www.sciencedirect.com/science/article/pii/0005109896000921 },
author={R. Kulhavý and F.J. Kraus }
)

@book(Lju:99,
title={System Identification: Theory for the User},
year={1999},	
author={Lennart Ljung},
publisher={Prentice Hall PTR, 1999}
note={ISBN 0136566952, 9780136566953; ISSN 0891-4559}
)

@article(FueGar:90,
title={Lattice Algorithms with Variable Forgetting Factors Detecting Interventions and Parametric Changes},
journal={IFAC Proceedings Volumes},
volume={23},
number={1},
pages={427 - 432},
year={1990},
note={3rd IFAC Symposium on Adaptive Systems in control and signal Processing 1989, Glasgow, UK, 19-21 April},
issn={1474-6670},
doi={https://doi.org/10.1016/S1474-6670(17)52758-5},
url={http://www.sciencedirect.com/science/article/pii/S1474667017527585},
author={D. De la Fuente and D.F. Garcia}
)

@article(YdsSar:86,
title={Convergence and stability properties of an adaptive regulator with variable forgetting factor},
journal={Automatica},
volume={22},
number={6},
pages={749 - 751},
year={1986},
issn={0005-1098},
doi={https://doi.org/10.1016/0005-1098(86)90015-4},
url={http://www.sciencedirect.com/science/article/pii/0005109886900154},
author={B.E. Ydstie and R.W.H. Sargent}
)

@article(Ast:80,
author={Åström, K.J.},
year={1980},
month={01},
pages={1-20},
title={DESIGN PRINCIPLES FOR SELF-TUNING REGULATORS}
)

@book(Ham:73,
title={Model Error Compensation Techniques for Linear Filtering},
year={1973},	
month={Aug},
author={Hagar, Jr, Hamilton},
publisher={TEXAS UNIV AT AUSTIN APPLIED MECHANICS RESEARCH LAB}
url={http://www.sciencedirect.com/science/article/pii/0005109886900154},
note={Accession Number AD0770067}
)

@inproceesdings(VenAle:15,
title={Statistical distances and probability metrics for multivariate data, ensembles and probability distributions},
author={M Venturini and Gabriel Alejandro},
year={2015}
)

% 2020 - Master's thesis 

@book(Cop:01,
title={Real Options: A Practitioner's Guide},
author={Copeland, T.E. and Antikarov, V.},
isbn={9781587990281},
lccn={2003266632},
url={https://books.google.cz/books?id=fnhPAAAAMAAJ},
year={2001},
publisher={Texere}
)

@book(Vol:03,
title={A Stochastic Control Framework for Real Options in Strategic Evaluation},
author={Vollert, A.},
isbn={9781461220688},
url={https://books.google.cz/books?id=4AfpBwAAQBAJ},
year={2012},
publisher={Birkh{\"a}user Boston}
)

@book(Gut:09,
title={Real Options in Theory and Practice},
author={Guthrie, G.},
isbn={9780199939084},
series={Financial Management Association Survey and Synthesis},
url={https://books.google.cz/books?id=RwxODLtgbGUC},
year={2009},
publisher={Oxford University Press}
)

@book(BerDeM:09,
title={Corporate Finance},
author={Berk, J. and DeMarzo, P.},
isbn={9780132992473},
year={2014},
publisher={Pearson}
)

@Book(Pow:11,
Title= {Approximate Dynamic Programming: Solving the Curses of Dimensionality},
Author= {Powell, Warren B.},
Publisher= {Wiley},
Year= {2011},
Address = {Hoboken, NJ, USA},
Edition= {2nd},
Series = {Wiley Series in Probability and Statistics},
Optisbn = {0470171553}
)


@book(BacChi:19,
title={Introduction to Statistical Decision Theory: Utility Theory and Causal Analysis},
author={Bacci, S. and Chiandotto, B.},
isbn={9781351621397},
url={https://books.google.cz/books?id=DxemDwAAQBAJ},
year={2019},
publisher={CRC Press}
}

@book(DixPin:94,
title={Investment Under Uncertainty},
author={Dixit, A.K. and Dixit, R.K. and Pindyck, R.S.},
isbn={9780691034102},
lccn={lc93026321},
url={https://books.google.cz/books?id=VahsELa\_qC8C},
year={1994},
publisher={Princeton University Press}
)

@article(BlaSch:73,
ISSN = {00223808, 1537534X},
URL = {http://www.jstor.org/stable/1831029},
author = {Fischer Black and Myron Scholes},
journal = {Journal of Political Economy},
number = {3},
pages = {637--654},
publisher = {University of Chicago Press},
title = {The Pricing of Options and Corporate Liabilities},
volume = {81},
year = {1973}
}


@misc(Rol:19,
author={F. Rolenec},
title={Learning with forgetting preserving a guaranteed knowledge},
school={CVUT FJFI},
type={Research Thesis},
year={2019},
note={CVUT FJFI}
)


@book(Kol:60,
	added-at = {2009-07-28T17:55:31.000+0200},
	author = {Kolmogorov, Andrey N.},
	biburl = {https://www.bibsonomy.org/bibtex/2585bc3d9329dc32d35b19b6d55930489/asalber},
	edition = 2,
	keywords = {3 probability},
	month = jun,
	publisher = {Chelsea Pub Co},
	timestamp = {2009-07-28T17:55:31.000+0200},
	title = {Foundations of the Theory of Probability},
	url = {http://www.clrc.rhul.ac.uk/resources/fop/Theory%20of%20Probability%20(small).pdf},
	year = 1960
)


@ARTICLE{BlaSch:73,
	title = {The Pricing of Options and Corporate Liabilities},
	author = {Black, Fischer and Scholes, Myron},
	year = {1973},
	journal = {Journal of Political Economy},
	volume = {81},
	number = {3},
	pages = {637-54},
}


@article{Ber:54,
	author = {Dino Bernoulli},
	title = {Exposition of a new theory on the measurement of risk},
	journaltitle = {Econometrica},
	date = {1954},
	volume = {22},
	number = {1},
	issuetitle = {Spring},
	pages = {23--36},
}


@article{Gue:17,
	author = {Guerra, Manuel and Kort, Peter and Nunes, Cláudia and Oliveira, Carlos},
	year = {2017},
	month = {05},
	pages = {},
	title = {Hysteresis due to Irreversible Exit: Addressing the Option to Mothball},
	volume = {92},
	journal = {Journal of Economic Dynamics and Control},
	doi = {10.1016/j.jedc.2018.04.009}
}


@article{Que:10,
	author = {Quélin, Bertrand and Krychowski, Charlotte},
	year = {2010},
	month = {05},
	pages = {},
	title = {Real Options and Strategic Investment Decisions: Can They Be of Use to Scholars?},
	volume = {24},
	journal = {Academy of Management Perspectives},
	doi = {10.5465/AMP.2010.51827776}
}

@article{Kas:04,
	title = {Species preservation and biodiversity value: a real options approach},
	journal = {Journal of Environmental Economics and Management},
	volume = {48},
	number = {2},
	pages = {857 - 879},
	year = {2004},
	issn = {0095-0696},
	doi = {https://doi.org/10.1016/j.jeem.2003.11.005},
	url = {http://www.sciencedirect.com/science/article/pii/S0095069603001396},
	author = {Ilhem Kassar and Pierre Lasserre},
}

@BOOK{Ber:85,
	title = {Statistical Decision Theory and {B}ayesian Analysis},
	publisher = {Springer},
	year = {1985},
	author = {J.O.\ Berger},
	address = {NY},
}

@book{DeG:04,
	title={Optimal Statistical Decisions},
	author={DeGroot, M.H.},
	isbn={9780471680291},
	lccn={2004274324},
	series={Wiley Classics Library},
	url={https://books.google.cz/books?id=7rDY2\_r4bmEC},
	year={2004},
	publisher={Wiley}
}

@BOOK{Rao:87a,
	title = {Measure Theory and Integration},
	publisher = {John Wiley},
	year = {1987},
	author = {M.M. Rao},
	address = {NY},
}

@book{Jay:03,
	added-at = {2011-05-09T23:10:52.000+0200},
	address = {Cambridge},
	author = {Jaynes, E. T.},
	biburl = {https://www.bibsonomy.org/bibtex/2ed3616cca9af65830fb13b9f53e0f19b/josephausterwei},
	interhash = {27c58f26b65cfde811cbc41b7fe319cd},
	intrahash = {ed3616cca9af65830fb13b9f53e0f19b},
	keywords = {imported},
	publisher = {Cambridge University Press},
	timestamp = {2011-05-10T10:42:42.000+0200},
	title = {Probability theory: The logic of science},
	year = 2003
}

@book{Kni:21,
	added-at = {2013-04-11T15:39:33.000+0200},
	address = {Boston, MA},
	author = {Knight, Frank H.},
	biburl = {https://www.bibsonomy.org/bibtex/2d38b30740cce608bf6ea1bf829e3ad7e/carl-boettiger},
	interhash = {e0b231cd0b09ea123d24e4f92e8ea47d},
	intrahash = {d38b30740cce608bf6ea1bf829e3ad7e},
	keywords = {theoretical-ecology},
	publisher = {Houghton Mifflin Co},
	timestamp = {2013-04-11T15:42:55.000+0200},
	title = {{Risk, Uncertainty and Profit}},
	url = {http://www.econlib.org/library/Knight/knRUP.html},
	year = 1921
}

@ARTICLE{BlaSch:73,
	title = {The Pricing of Options and Corporate Liabilities},
	author = {Black, Fischer and Scholes, Myron},
	year = {1973},
	journal = {Journal of Political Economy},
	volume = {81},
	number = {3},
	pages = {637-54},
	url = {https://EconPapers.repec.org/RePEc:ucp:jpolec:v:81:y:1973:i:3:p:637-54}
}

@Inbook{Web:09,
	author="Weber, Ernst Juerg",
	editor="Hafner, Wolfgang
	and Zimmermann, Heinz",
	title="A Short History of Derivative Security Markets",
	bookTitle="Vinzenz Bronzin's Option Pricing Models: Exposition and Appraisal",
	year="2009",
	publisher="Springer Berlin Heidelberg",
	address="Berlin, Heidelberg",
	pages="431--466",
	isbn="978-3-540-85711-2",
	doi="10.1007/978-3-540-85711-2_21",
	url="https://doi.org/10.1007/978-3-540-85711-2_21"
}


@book{Veg:88,
	title={Confusion de Confusiones [1688]: Portions Descriptive of the Amsterdam Stock Exchange},
	author={De La Vega, J. and Kellenbenz, H.},
	isbn={9781614274513},
	url={https://books.google.cz/books?id=bO1mngEACAAJ},
	year={1688},
	publisher={Martino Publishing}
}


@article{Bac:00,
	added-at = {2007-06-26T15:08:05.000+0200},
	author = {Bachelier, Louis},
	biburl = {https://www.bibsonomy.org/bibtex/294774076a0f4e6359e2c7f127eb4cf1d/gilles.daniel},
	comment = {Bachelier was a student of Henri Poincarre. In this
	doctoral dissertation, he argues that if speculative
	markets constitute a fair game, i.e. with zero
	expectation of gains, then prices should follow a
	random walk. Observes that French daily bond prices
	seem to follow such random walk Describes
	mathematically the Brownian Motion five years before
	Einstein},
	interhash = {59578471766c63266028526fba4e9475},
	intrahash = {94774076a0f4e6359e2c7f127eb4cf1d},
	journal = {Annales Scientifiques de L'Ecole Normale
	Sup\'erieure},
	keywords = {imported},
	note = {Reprinted in P. H. Cootner (ed), 1964, The Random
	Character of Stock Market Prices, Cambridge, Mass. MIT
	Press},
	pages = {21--88},
	timestamp = {2007-06-26T15:08:06.000+0200},
	title = {Th\'eorie de la Sp\'eculation},
	volume = 17,
	year = 1900
}


@book{Bro:08,
	title={Theorie der Prämiengeschäfte},
	author={Bronzin, V.},
	year={1908},
	publisher={Verlag Franz Deticke}
}



@article{Hol:05,
	title={Risk aversion and incentive effects: New data without order effects},
	author={Holt, Charles A and Laury, Susan K},
	journal={American Economic Review},
	volume={95},
	number={3},
	pages={902--912},
	year={2005}
}


@article{YalHak:12,
	author = {Yalincak, Hakan},
	year = {2012},
	month = {07},
	pages = {},
	title = {Criticism of the Black-Scholes Model: But Why is it Still Used?: (The Answer is Simpler than the Formula)},
	journal = {SSRN Electronic Journal},
	doi = {10.2139/ssrn.2115141}
}


@article{Mye:77,
	title = "Determinants of corporate borrowing",
	journal = "Journal of Financial Economics",
	volume = "5",
	number = "2",
	pages = "147 - 175",
	year = "1977",
	issn = "0304-405X",
	doi = "https://doi.org/10.1016/0304-405X(77)90015-0",
	url = "http://www.sciencedirect.com/science/article/pii/0304405X77900150",
	author = "Stewart C. Myers",
}

@book{DixPin:12,
	title={Investment Under Uncertainty},
	author={Dixit, R.K. and Pindyck, R.S.},
	url={https://books.google.cz/books?id=korbtwEACAAJ},
	year={2012},
	publisher={Princeton University Press}
}


@BOOK{AmrKul:98,
	title = {Real Options:: Managing Strategic Investment in an Uncertain World},
	author = {Amram,, Martha and Kulatilaka,, Nalin},
	year = {1998},
	publisher = {Oxford University Press},
	abstract = {This book is about the real options approach to strategic investments, showing how to capitalize on uncertainty through strategic investments, contracts, and use of the financial markets.},
	url = {https://EconPapers.repec.org/RePEc:oxp:obooks:9780875848457}
}

@article{Amp:17,
	title={Reasons why Real Options Analysis (ROA) is not widely adopted in the mineral industry},
	author={Ampofo, Kwasi Darkwa},
	year={2017}
}


@article{SicGam:10,
	title={Some important issues involving real options: an overview},
	author={Sick, Gordon and Gamba, Andrea},
	journal={Multinational Finance Journal},
	volume={14},
	number={1/2},
	pages={73--123},
	year={2010}
}

@article{CopAnt:01
	author = {COPELAND, Tom and Antikarov, Vladimir},
	year = {2001},
	month = {01},
	pages = {},
	title = {Real Options: A Practitioner's Guide}
}


@article{HolLau:05
	title={Risk aversion and incentive effects: New data without order effects},
	author={Holt, Charles A and Laury, Susan K},
	journal={American Economic Review},
	volume={95},
	number={3},
	pages={902--912},
	year={2005}
}

@book{BodKan:04,
	title={Investments},
	author={Bodie, Z. and Kane, A. and Marcus, A.J.},
	isbn={9780072934144},
	lccn={2003061512},
	series={McGraw-Hill/Irwin series in finance, insurance, and real estate},
	url={https://books.google.cz/books?id=LQegMgEACAAJ},
	year={2004},
	publisher={McGraw-Hill Irwin}
}

@article{Tho:19,
	author = {Thoma, Grid},
	title = {The Valuation of Patent Real Options – An Analysis Using Patent- and Firm-Level Datasets},
	journal = {Academy of Management Proceedings},
	volume = {2019},
	number = {1},
	pages = {12922},
	year = {2019},
	doi = {10.5465/AMBPP.2019.96},
	URL = { https://doi.org/10.5465/AMBPP.2019.96},
	eprint = {https://doi.org/10.5465/AMBPP.2019.96}
}

@article{Ryu:17,
	author = {Ryu, Young and Kim, Young-Oh and Seo, Seung Beom and Seo, Il},
	year = {2017},
	month = {08},
	pages = {},
	title = {Application of real option analysis for planning under climate change uncertainty: a case study for evaluation of flood mitigation plans in Korea},
	journal = {Mitigation and Adaptation Strategies for Global Change},
	doi = {10.1007/s11027-017-9760-1}
}

@book{BreMye:12,
	title={Principles of corporate finance},
	author={Brealey, Richard A and Myers, Stewart C and Allen, Franklin and Mohanty, Pitabas},
	year={2012},
	publisher={Tata McGraw-Hill Education}
}

@book{Cru:08,
	title={Finance for Engineers: Evaluation and Funding of Capital Projects},
	author={Crundwell, F.},
	isbn={9781848000339},
	lccn={2008922273},
	url={https://books.google.cz/books?id=Y9NfmToA1xIC},
	year={2008},
	publisher={Springer London}
}

@article{KulTri:94,
	author = {Kulatilaka, Nalin and Trigeorgis, Lenos},
	year = {1994},
	month = {01},
	pages = {},
	title = {The General Flexibility to Switch: Real Options Revisited},
	volume = {6},
	journal = {International Journal of Finance}
}
