%   Bibliography     Filip Rolenec, through his college years, last change February 2020


% 2018 - Publications used in Bachelor's thesis 

@BOOK(Put:05,
	author={M.L. Puterman},
	title={Markov Decsion Processes: Discrete Stochastic Dynamic Programming},
	publisher={Wiley},
	year={2005}
)

@article(Yak:82,
	author={Sidney Yakowitz},
	title={Dynamic programming applications in water resources},
	journal={AN AGU JOURNAL},
	volume={18},
	year={1982},
	note ={draft}
)

@article(Rab:89,
	author={L. R. Rabiner},
	title={A tutorial on hidden {M}arkov models and selected applications in speech recognition},
	journal={Proceedings of the IEEE},
	publisher={IEEE},
	pages={257-286},
	volume={77},
	year={1989}
)

@article(GalGia:87,
	author={Zvi Galil and Raffaele Giancarlo},
	title={Speeding Up Dynamic Programming with Applications to Molecular Biology},
	publisher={Elsevier},
	year={1987},
	note ={Elsevier}
)

@INPROCEEDINGS(Pet:81,
	author={V. Peterka},
	title={Bayesian Approach To System Identification},
	booktitle={in Trends and Progress in System Identification, P. Eykhoff, Ed},
	year={1981},
	pages={239--304},
	publisher={Pergamon Press}
)

@conference(ChaManNou:16,
	author={Marwa Chaabane, Majdi Mansouri, Nouha Jaoua},
	title={Bayesian method for states estimation in structural health monitoring application},
	journal={2nd International Conference on ATSIP},
	publisher={IEEE},
	year={2016},
	address ={Monastir, Tunisia}
)

@article(BorFigAze:17,
	author={Fernando Luis Bordignon, Leandro Passos de Figueireido, Leonardo Azevedo},
	title={Hybrid Global Stochastic and {B}ayesian Linearized Acoustic Seismic Inversion Methodology},
	journal={IEEE Transactions on Geoscience and Remote Sensing},
	pages={4457-4464},
	volume={55},
	year={2017},
	month={August}
)

@phdthesis(Duf:02,
	author={Michael O'Gordon Duff},
	title={Optimal Learning; Computational Procedures for Bayes-Adaptive Markov Decision Processes},
	publisher={University of Massachusetts Amherst},
	year={2002}
)

@article(Rob:52,
	author={H. Robbins},
	title={Some aspects of the sequential design of experiments},
	journal={Bulletin of the American Mathematical Society},
	pages={527-535},
	volume={58},
	year={1952}
)

@misc(Rum:16,
	author={Marko Ruman},
	title={Decision making in Multi-proposer Ultimatum Game},
	school={CVUT FJFI},
	type={Bachelor's Thesis},
	year={2016},
	note={CTU FJFI}
)

@report(Rum:16,
	author={Marko Ruman},
	title={Decision making in Multi-proposer Ultimatum Game},
	school={CTU FJFI}},
	year={2016}
)

@incollection(BerFri:85,
	author={D.A.Berry, B. Fristedt},
	title={Bandit Problems Sequential Allocation of Eperiments},
	year={1985},
	publisher={J.W. Arrowsmith Ltd}
	address={Bristol}
)

@article(CerLiuMer:13,
	author={Matej Črepinšek, Shih-Hsi Liu, Marjan Mernik},
	title={Exploration and exploitation in evolutionary algorithms: A survey},
	journal={ACM Computing Surveys},
	number={35},
	publisher={ACM},
	volume={45},
	year={2013},
	month={June}
)

@InProceedings(VerMeh:05,
	author={Joann{\`e}s Vermorel, Mohri Mehryar},
	title={Multi-armed Bandit Algorithms and Empirical Evaluation},
	booktitle={Machine Learning: ECML 2005}
	publisher={Springer Berlin Heidelberg},
	pages={437-448},
	volume={45},
	year={2005},
	address={Berlin, Heidelberg},
	isbn={978-3-540-31692-3}
)

@BOOK(HerKucSim:03,
	title={Counting and Configurations: Problems in Combinatorics, Arithmetic, and Geometry},
	year={2003},	
	month={January},
	author={Jiri Herman, Radan Kucera, Jaromir Simsa},
	publisher={Springer Science \& Business Media}
)

@BOOK(Lan:09,
	title={Handbuch der Lehre von der Verteilung der Primzahlen},
	year={1909},
	author={Edmund Landau},
	publisher={Liepzig B.G. Teubner},
	volume={01}
)

% 2019 - Publications used in resear task

@misc(Rol:18,
	author={F. Rolenec},
	title={Feasible Bayesian Multi-Armed Bandit Optimisation},
	school={CVUT FJFI},
	type={Bachelor's Thesis},
	year={2018},
	note={CVUT FJFI}
)

@BOOK(Vir:10,
	title={Metoda Monte Carlo},
	year={2010},	
	author={Miroslav Virius},
	publisher={České vysoké učení technické v Praze}
	note={ISBN 978-80-01-04595-4}
)

@article(Kul:85,
	title={Restricted exponential forgetting in real-time identification},
	journal={Automatica},
	volume={23},
	number={5},
	pages={589 - 600},
	year={1987},
	issn={0005-1098},
	doi={https://doi.org/10.1016/0005-1098(87)90054-9},
	url={http://www.sciencedirect.com/science/article/pii/0005109887900549},
	author={Rudolf Kulhavý}
)
	
@article(KulZar:93,
	author={R.   KULHAVÝ  and  M. B.   ZARROP },
	title={On a general concept of forgetting},
	journal={International Journal of Control},
	volume={58},
	number={4},
	pages={905-924},
	year={1993},
	publisher={Taylor & Francis},
	doi={10.1080/00207179308923034}
)
	
@article(KulKra:96,
	title={On duality of regularized exponential and linear forgetting },
	journal={Automatica },
	volume={32 },
	number={10 },
	pages={1403 - 1415 },
	year={1996 },
	issn={0005-1098 },
	doi={https://doi.org/10.1016/0005-1098(96)00092-1 },
	url={http://www.sciencedirect.com/science/article/pii/0005109896000921 },
	author={R. Kulhavý and F.J. Kraus }
)

@book(Lju:99,
	title={System Identification: Theory for the User},
	year={1999},	
	author={Lennart Ljung},
	publisher={Prentice Hall PTR, 1999}
	note={ISBN 0136566952, 9780136566953; ISSN 0891-4559}
)

@article(FueGar:90,
	title={Lattice Algorithms with Variable Forgetting Factors Detecting Interventions and Parametric Changes},
	journal={IFAC Proceedings Volumes},
	volume={23},
	number={1},
	pages={427 - 432},
	year={1990},
	note={3rd IFAC Symposium on Adaptive Systems in control and signal Processing 1989, Glasgow, UK, 19-21 April},
	issn={1474-6670},
	doi={https://doi.org/10.1016/S1474-6670(17)52758-5},
	url={http://www.sciencedirect.com/science/article/pii/S1474667017527585},
	author={D. De la Fuente and D.F. Garcia}
)
	
@article(YdsSar:86,
	title={Convergence and stability properties of an adaptive regulator with variable forgetting factor},
	journal={Automatica},
	volume={22},
	number={6},
	pages={749 - 751},
	year={1986},
	issn={0005-1098},
	doi={https://doi.org/10.1016/0005-1098(86)90015-4},
	url={http://www.sciencedirect.com/science/article/pii/0005109886900154},
	author={B.E. Ydstie and R.W.H. Sargent}
)
	
@article(Ast:80,
	author={Åström, K.J.},
	year={1980},
	month={01},
	pages={1-20},
	title={DESIGN PRINCIPLES FOR SELF-TUNING REGULATORS}
)

@book(Ham:73,
	title={Model Error Compensation Techniques for Linear Filtering},
	year={1973},	
	month={Aug},
	author={Hagar, Jr, Hamilton},
	publisher={TEXAS UNIV AT AUSTIN APPLIED MECHANICS RESEARCH LAB}
	url={http://www.sciencedirect.com/science/article/pii/0005109886900154},
	note={Accession Number AD0770067}
)
	
@inproceesdings(VenAle:15,
	title={Statistical distances and probability metrics for multivariate data, ensembles and probability distributions},
	author={M Venturini and Gabriel Alejandro},
	year={2015}
)

% 2020 - Master's thesis 

@book(Cop01,
	title={Real Options: A Practitioner's Guide},
	author={Copeland, T.E. and Antikarov, V.},
	isbn={9781587990281},
	lccn={2003266632},
	url={https://books.google.cz/books?id=fnhPAAAAMAAJ},
	year={2001},
	publisher={Texere}
)


